{
  "leader": "04674cam a2200505 a 4500",
  "fields": [
    {
      "001": "ocm34151444\\"
    },
    {
      "003": "OCoLC"
    },
    {
      "005": "20220707162137.0"
    },
    {
      "008": "960129s1996\\\\\\\\nyuab\\\\\\\\\\\\\\\\\\001\\0\\eng\\\\"
    },
    {
      "010": {
        "ind1": "\\",
        "ind2": "\\",
        "subfields": [
          {
            "a": "   96003836 "
          }
        ]
      }
    },
    {
      "040": {
        "ind1": "\\",
        "ind2": "\\",
        "subfields": [
          {
            "a": "DLC"
          },
          {
            "b": "eng"
          },
          {
            "c": "DLC"
          },
          {
            "d": "NLGGC"
          },
          {
            "d": "BTCTA"
          },
          {
            "d": "YDXCP"
          },
          {
            "d": "UAB"
          },
          {
            "d": "HEBIS"
          },
          {
            "d": "UKV3G"
          },
          {
            "d": "RMC"
          },
          {
            "d": "EXW"
          },
          {
            "d": "OCLCA"
          },
          {
            "d": "OCLCQ"
          },
          {
            "d": "GBVCP"
          },
          {
            "d": "OCLCF"
          },
          {
            "d": "OCLCO"
          },
          {
            "d": "OCLCQ"
          },
          {
            "d": "OCLCO"
          },
          {
            "d": "OCLCQ"
          },
          {
            "d": "NLC"
          },
          {
            "d": "OCLCO"
          },
          {
            "d": "OCLCQ"
          },
          {
            "d": "TFF"
          },
          {
            "d": "OCLCA"
          },
          {
            "d": "CPO"
          },
          {
            "d": "OCLCQ"
          },
          {
            "d": "OCLCO"
          },
          {
            "d": "J9U"
          },
          {
            "d": "OCLCQ"
          },
          {
            "d": "OCLCO"
          },
          {
            "d": "OCLCA"
          },
          {
            "d": "IL4J6"
          },
          {
            "d": "OCLCO"
          },
          {
            "d": "IOW"
          },
          {
            "d": "OCLCO"
          },
          {
            "d": "OKS"
          },
          {
            "d": "OCLCO"
          }
        ]
      }
    },
    {
      "016": {
        "ind1": "\\",
        "ind2": "\\",
        "subfields": [
          {
            "a": "(AMICUS)000015050434"
          }
        ]
      }
    },
    {
      "019": {
        "ind1": "\\",
        "ind2": "\\",
        "subfields": [
          {
            "a": "59665314"
          },
          {
            "a": "660616712"
          },
          {
            "a": "1167014904"
          },
          {
            "a": "1176463015"
          }
        ]
      }
    },
    {
      "020": {
        "ind1": "\\",
        "ind2": "\\",
        "subfields": [
          {
            "a": "068481191X"
          }
        ]
      }
    },
    {
      "020": {
        "ind1": "\\",
        "ind2": "\\",
        "subfields": [
          {
            "a": "9780684811918"
          }
        ]
      }
    },
    {
      "024": {
        "ind1": "8",
        "ind2": "\\",
        "subfields": [
          {
            "a": "ZBWT00697410"
          }
        ]
      }
    },
    {
      "035": {
        "ind1": "\\",
        "ind2": "\\",
        "subfields": [
          {
            "a": "(OCoLC)34151444"
          },
          {
            "z": "(OCoLC)59665314"
          },
          {
            "z": "(OCoLC)660616712"
          },
          {
            "z": "(OCoLC)1167014904"
          },
          {
            "z": "(OCoLC)1176463015"
          }
        ]
      }
    },
    {
      "043": {
        "ind1": "\\",
        "ind2": "\\",
        "subfields": [
          {
            "a": "a-bg---"
          }
        ]
      }
    },
    {
      "050": {
        "ind1": "0",
        "ind2": "0",
        "subfields": [
          {
            "a": "HG3290.6.A8"
          },
          {
            "b": "G7278 1996"
          }
        ]
      }
    },
    {
      "055": {
        "ind1": "0",
        "ind2": "2",
        "subfields": [
          {
            "a": "HG3290.6"
          }
        ]
      }
    },
    {
      "082": {
        "ind1": "0",
        "ind2": "0",
        "subfields": [
          {
            "a": "332.1095492"
          },
          {
            "b": "BOR"
          }
        ]
      }
    },
    {
      "100": {
        "ind1": "1",
        "ind2": "\\",
        "subfields": [
          {
            "a": "Bornstein, David."
          }
        ]
      }
    },
    {
      "245": {
        "ind1": "1",
        "ind2": "4",
        "subfields": [
          {
            "a": "The price of a dream :"
          },
          {
            "b": "the story of the Grameen Bank and the idea that is helping the poor to change their lives /"
          },
          {
            "c": "David Bornstein."
          }
        ]
      }
    },
    {
      "260": {
        "ind1": "\\",
        "ind2": "\\",
        "subfields": [
          {
            "a": "New York :"
          },
          {
            "b": "Simon & Schuster,"
          },
          {
            "c": "\u00a91996."
          }
        ]
      }
    },
    {
      "300": {
        "ind1": "\\",
        "ind2": "\\",
        "subfields": [
          {
            "a": "370 pages :"
          },
          {
            "b": "illustrations, maps ;"
          },
          {
            "c": "25 cm"
          }
        ]
      }
    },
    {
      "336": {
        "ind1": "\\",
        "ind2": "\\",
        "subfields": [
          {
            "a": "text"
          },
          {
            "b": "txt"
          },
          {
            "2": "rdacontent"
          }
        ]
      }
    },
    {
      "337": {
        "ind1": "\\",
        "ind2": "\\",
        "subfields": [
          {
            "a": "unmediated"
          },
          {
            "b": "n"
          },
          {
            "2": "rdamedia"
          }
        ]
      }
    },
    {
      "338": {
        "ind1": "\\",
        "ind2": "\\",
        "subfields": [
          {
            "a": "volume"
          },
          {
            "b": "nc"
          },
          {
            "2": "rdacarrier"
          }
        ]
      }
    },
    {
      "500": {
        "ind1": "\\",
        "ind2": "\\",
        "subfields": [
          {
            "a": "Includes index."
          }
        ]
      }
    },
    {
      "520": {
        "ind1": "\\",
        "ind2": "\\",
        "subfields": [
          {
            "a": "One afternoon in 1976 an economics professor, taking a walk in a village in Bangladesh, met a poor woman. The woman was trying to support herself by constructing and selling bamboo stools. She earned two cents a day. When the professor asked her why her profit was so low, she explained that the only person who would lend her money to buy bamboo was the trader who purchased her final product and the price he set barely covered her costs. The professor's instinct was to open his wallet and give her some money. Then he had another thought: Why not give her a loan?"
          }
        ]
      }
    },
    {
      "520": {
        "ind1": "8",
        "ind2": "\\",
        "subfields": [
          {
            "a": "That thought became the genesis of a remarkable institution: the Grameen (\"Village\") Bank. Today, the Grameen Bank is considered the most successful self-sustaining antipoverty program in the world. It has more than two million borrowers - 94 percent of them women - and its approach has been replicated throughout the world, including in hundreds of locations across the United States and Canada. The Price of a Dream traces the history of the Grameen Bank and in candid, vivid prose transports the reader to one of the world's most dramatic settings for a firsthand view of how this institution is helping millions of people change their lives."
          }
        ]
      }
    },
    {
      "505": {
        "ind1": "0",
        "ind2": "0",
        "subfields": [
          {
            "t": "Prologue: This Business of Bangles --"
          },
          {
            "t": "The Idea --"
          },
          {
            "t": "Fairy Tales --"
          },
          {
            "t": "856 Takas --"
          },
          {
            "t": "Social Collateral --"
          },
          {
            "t": "It Cannot Be Done --"
          },
          {
            "t": "He Found You Under a Tree? --"
          },
          {
            "t": "If You Want to Convince Us --"
          },
          {
            "t": "The Villagers --"
          },
          {
            "t": "Water Upon Land --"
          },
          {
            "t": "It's All on Trust --"
          },
          {
            "t": "Stirring the Money --"
          },
          {
            "t": "Sabina Yasmin --"
          },
          {
            "t": "The Center Meeting --"
          },
          {
            "t": "It's Their Problem --"
          },
          {
            "t": "Can You Walk Far? --"
          },
          {
            "t": "A Petticoat --"
          },
          {
            "t": "The Organization --"
          },
          {
            "t": "We Don't Want Windows --"
          },
          {
            "t": "Independence --"
          },
          {
            "t": "A New Culture --"
          },
          {
            "t": "A Natural and Better Fighter --"
          },
          {
            "t": "If a Big Dam Breaks --"
          },
          {
            "t": "This Is Her Factory --"
          },
          {
            "t": "A Conversation --"
          },
          {
            "t": "Peace of Mind --"
          },
          {
            "t": "It Was Like a Fish Market --"
          },
          {
            "t": "Little Checks and Big Checks --"
          },
          {
            "t": "The System --"
          },
          {
            "t": "Laying the Foundation --"
          },
          {
            "t": "I'm Not a Woman Anymore --"
          },
          {
            "t": "The Logic of Grameen --"
          },
          {
            "t": "Begum Rokeya --"
          },
          {
            "t": "The Death of Ali Haider --"
          },
          {
            "t": "Don't I Think of These Things? --"
          },
          {
            "t": "The Wisdom in Smallness --"
          },
          {
            "t": "Armed with Information --"
          },
          {
            "t": "Credit as a Human Right --"
          },
          {
            "t": "How Can You Go On with a Situation Like This? --"
          },
          {
            "t": "An Expensive Way to Transfer Technology --"
          },
          {
            "t": "A Risk Taker --"
          },
          {
            "t": "A Great Strategizer --"
          },
          {
            "t": "An Intensive Care Unit --"
          },
          {
            "t": "Two Cyclones --"
          },
          {
            "t": "If I Had to Become a Businesswoman --"
          },
          {
            "t": "Oirashi's Final House --"
          },
          {
            "t": "The Future --"
          },
          {
            "t": "The Golden Boat --"
          },
          {
            "t": "One Thousand Doctors --"
          },
          {
            "t": "The Luck of Manjira --"
          },
          {
            "t": "An Infinite Amount of Work --"
          },
          {
            "t": "She Turned Her Face to the Light --"
          },
          {
            "t": "Struck by Lightning --"
          },
          {
            "t": "The Price of the American Dream --"
          },
          {
            "t": "Socially Conscious Capitalism --"
          },
          {
            "t": "Everywhere You Look --"
          },
          {
            "t": "Interest."
          }
        ]
      }
    },
    {
      "610": {
        "ind1": "2",
        "ind2": "0",
        "subfields": [
          {
            "a": "Grameen Bank."
          }
        ]
      }
    },
    {
      "650": {
        "ind1": "\\",
        "ind2": "0",
        "subfields": [
          {
            "a": "Banks and banking"
          },
          {
            "z": "Bangladesh."
          }
        ]
      }
    },
    {
      "650": {
        "ind1": "\\",
        "ind2": "0",
        "subfields": [
          {
            "a": "Rural poor"
          },
          {
            "z": "Bangladesh."
          }
        ]
      }
    },
    {
      "650": {
        "ind1": "\\",
        "ind2": "0",
        "subfields": [
          {
            "a": "Women"
          },
          {
            "z": "Bangladesh"
          },
          {
            "x": "Economic conditions."
          }
        ]
      }
    },
    {
      "610": {
        "ind1": "2",
        "ind2": "7",
        "subfields": [
          {
            "a": "Grameen Bank."
          },
          {
            "2": "fast"
          },
          {
            "0": "(OCoLC)fst00611099"
          }
        ]
      }
    },
    {
      "650": {
        "ind1": "\\",
        "ind2": "7",
        "subfields": [
          {
            "a": "Banks and banking."
          },
          {
            "2": "fast"
          },
          {
            "0": "(OCoLC)fst00826867"
          }
        ]
      }
    },
    {
      "650": {
        "ind1": "\\",
        "ind2": "7",
        "subfields": [
          {
            "a": "Rural poor."
          },
          {
            "2": "fast"
          },
          {
            "0": "(OCoLC)fst01101743"
          }
        ]
      }
    },
    {
      "650": {
        "ind1": "\\",
        "ind2": "7",
        "subfields": [
          {
            "a": "Women"
          },
          {
            "x": "Economic conditions."
          },
          {
            "2": "fast"
          },
          {
            "0": "(OCoLC)fst01176665"
          }
        ]
      }
    },
    {
      "651": {
        "ind1": "\\",
        "ind2": "7",
        "subfields": [
          {
            "a": "Bangladesh."
          },
          {
            "2": "fast"
          },
          {
            "0": "(OCoLC)fst01213724"
          }
        ]
      }
    },
    {
      "776": {
        "ind1": "0",
        "ind2": "8",
        "subfields": [
          {
            "i": "Online version:"
          },
          {
            "a": "Bornstein, David."
          },
          {
            "t": "Price of a dream."
          },
          {
            "d": "New York : Simon & Schuster, \u00a91996"
          },
          {
            "w": "(OCoLC)654617328"
          }
        ]
      }
    },
    {
      "994": {
        "ind1": "\\",
        "ind2": "\\",
        "subfields": [
          {
            "a": "Z0"
          },
          {
            "b": "NYRVC"
          }
        ]
      }
    },
    {
      "948": {
        "ind1": "\\",
        "ind2": "\\",
        "subfields": [
          {
            "h": "NO HOLDINGS IN NYRVC - 450 OTHER HOLDINGS"
          }
        ]
      }
    },
    {
      "999": {
        "ind1": "\\",
        "ind2": "\\",
        "subfields": [
          {
            "a": "00000000019063"
          }
        ]
      }
    }
  ]
}